
@article{mnih_human-level_2015,
	title = {Human-level control through deep reinforcement learning},
	volume = {518},
	number = {7540},
	journal = {Nature},
	author = {Mnih, Volodymyr and Kavukcuoglu, Koray and Silver, David and Rusu, Andrei A and Veness, Joel and Bellemare, Marc G and Graves, Alex and Riedmiller, Martin and Fidjeland, Andreas K and Ostrovski, Georg and {others}},
	year = {2015},
	pages = {529--533}
}

@article{silver_mastering_2016,
	title = {Mastering the game of {Go} with deep neural networks and tree search},
	volume = {529},
	number = {7587},
	journal = {Nature},
	author = {Silver, David and Huang, Aja and Maddison, Chris J and Guez, Arthur and Sifre, Laurent and Den Driessche, George Van and Schrittwieser, Julian and Antonoglou, Ioannis and Panneershelvam, Veda and Lanctot, Marc and {others}},
	year = {2016},
	pages = {484--489}
}

@article{kaelbling_planning_1998,
	title = {Planning and acting in partially observable stochastic domains},
	volume = {101},
	number = {1},
	journal = {Artificial Intelligence},
	author = {Kaelbling, Leslie Pack and Littman, Michael L and Cassandra, Anthony R},
	year = {1998},
	pages = {99--134}
}

@inproceedings{todorov_mujoco:_2012,
	title = {Mujoco: {A} physics engine for model-based control},
	booktitle = {2012 {IEEE}/{RSJ} {International} {Conference} on {Intelligent} {Robots} and {Systems}},
	publisher = {IEEE},
	author = {Todorov, Emanuel and Erez, Tom and Tassa, Yuval},
	year = {2012},
	pages = {5026--5033}
}

@article{schmidhuber_evolutionary_1987,
	title = {Evolutionary principles in self-referential learning},
	volume = {1},
	journal = {On learning how to learn: The meta-meta-... hook.) Diploma thesis, Institut f. Informatik, Tech. Univ. Munich},
	author = {Schmidhuber, Jurgen},
	year = {1987},
	pages = {2}
}

@inproceedings{nagabandi_learning_2019,
	title = {Learning to {Adapt} in {Dynamic}, {Real}-{World} {Environments} via {Meta}-{Reinforcement} {Learning}},
	booktitle = {International {Conference} on {Learning} {Representations} ({ICLR})},
	author = {Nagabandi, Anusha and Clavera, Ignasi and Liu, Simin and Fearing, Ronald S},
	year = {2019}
}

@inproceedings{gupta_meta-reinforcement_2018,
	title = {Meta-reinforcement learning of structured exploration strategies},
	booktitle = {Advances in {Neural} {Information} {Processing} {Systems}},
	author = {Gupta, Abhishek and Mendonca, Russell and Liu, YuXuan and Abbeel, Pieter and Levine, Sergey},
	year = {2018},
	pages = {5302--5311}
}

@inproceedings{houthooft_evolved_2018,
	title = {Evolved policy gradients},
	booktitle = {Advances in {Neural} {Information} {Processing} {Systems}},
	author = {Houthooft, Rein and Chen, Yuhua and Isola, Phillip and Stadie, Bradly and Wolski, Filip and Ho, OpenAI Jonathan and Abbeel, Pieter},
	year = {2018},
	pages = {5400--5409}
}

@article{sung_learning_2017,
	title = {Learning to learn: {Meta}-critic networks for sample efficient learning},
	journal = {arXiv preprint arXiv:1706.09529},
	author = {Sung, Flood and Zhang, Li and Xiang, Tao and Hospedales, Timothy and Yang, Yongxin},
	year = {2017}
}

@article{gupta_unsupervised_2018,
	title = {Unsupervised meta-learning for reinforcement learning},
	journal = {arXiv preprint arXiv:1806.04640},
	author = {Gupta, Abhishek and Eysenbach, Benjamin and Finn, Chelsea and Levine, Sergey},
	year = {2018}
}

@article{duan_rl_2016,
	title = {Rl \${\textasciicircum} 2\$: {Fast} reinforcement learning via slow reinforcement learning},
	journal = {arXiv preprint arXiv:1611.02779},
	author = {Duan, Yan and Schulman, John and Chen, Xi and Bartlett, Peter L and Sutskever, Ilya and Abbeel, Pieter},
	year = {2016}
}

@article{mishra_simple_2017,
	title = {A simple neural attentive meta-learner},
	journal = {arXiv preprint arXiv:1707.03141},
	author = {Mishra, Nikhil and Rohaninejad, Mostafa and Chen, Xi and Abbeel, Pieter},
	year = {2017}
}

@inproceedings{finn_model-agnostic_2017,
	title = {Model-agnostic meta-learning for fast adaptation of deep networks},
	booktitle = {Proceedings of the 34th {International} {Conference} on {Machine} {Learning}-{Volume} 70},
	publisher = {JMLR. org},
	author = {Finn, Chelsea and Abbeel, Pieter and Levine, Sergey},
	year = {2017},
	pages = {1126--1135}
}

@article{rothfuss_promp:_2018,
	title = {Promp: {Proximal} meta-policy search},
	journal = {arXiv preprint arXiv:1810.06784},
	author = {Rothfuss, Jonas and Lee, Dennis and Clavera, Ignasi and Asfour, Tamim and Abbeel, Pieter},
	year = {2018}
}

@article{stadie_considerations_2018,
	title = {Some considerations on learning to explore via meta-reinforcement learning},
	journal = {arXiv preprint arXiv:1803.01118},
	author = {Stadie, Bradly C and Yang, Ge and Houthooft, Rein and Chen, Xi and Duan, Yan and Wu, Yuhuai and Abbeel, Pieter and Sutskever, Ilya},
	year = {2018}
}

@article{mendonca_guided_2019,
	title = {Guided {Meta}-{Policy} {Search}},
	journal = {arXiv preprint arXiv:1904.00956},
	author = {Mendonca, Russell and Gupta, Abhishek and Kralev, Rosen and Abbeel, Pieter and Levine, Sergey and Finn, Chelsea},
	year = {2019}
}

@article{song_es-maml:_2019,
	title = {{ES}-{MAML}: {Simple} {Hessian}-{Free} {Meta} {Learning}},
	journal = {arXiv preprint arXiv:1910.01215},
	author = {Song, Xingyou and Gao, Wenbo and Yang, Yuxiang and Choromanski, Krzysztof and Pacchiano, Aldo and Tang, Yunhao},
	year = {2019}
}

@article{rakelly_efficient_2019,
	title = {Efficient off-policy meta-reinforcement learning via probabilistic context variables},
	journal = {arXiv preprint arXiv:1903.08254},
	author = {Rakelly, Kate and Zhou, Aurick and Quillen, Deirdre and Finn, Chelsea and Levine, Sergey},
	year = {2019}
}

@article{ziebart_maximum_2008,
	title = {Maximum entropy inverse reinforcement learning},
	author = {Ziebart, Brian D and Maas, Andrew and Bagnell, J Andrew and Dey, Anind K},
	year = {2008}
}

@article{eysenbach_if_2019,
	title = {If {MaxEnt} {RL} is the {Answer}, {What} is the {Question}?},
	journal = {arXiv preprint arXiv:1910.01913},
	author = {Eysenbach, Benjamin and Levine, Sergey},
	year = {2019}
}

@article{haarnoja_soft_2018,
	title = {Soft actor-critic: {Off}-policy maximum entropy deep reinforcement learning with a stochastic actor},
	journal = {arXiv preprint arXiv:1801.01290},
	author = {Haarnoja, Tuomas and Zhou, Aurick and Abbeel, Pieter and Levine, Sergey},
	year = {2018}
}

@article{kingma_auto-encoding_2013,
	title = {Auto-encoding variational bayes},
	journal = {arXiv preprint arXiv:1312.6114},
	author = {Kingma, Diederik P and Welling, Max},
	year = {2013}
}

@article{fujimoto_addressing_2018,
	title = {Addressing function approximation error in actor-critic methods},
	journal = {arXiv preprint arXiv:1802.09477},
	author = {Fujimoto, Scott and van Hoof, Herke and Meger, David},
	year = {2018}
}

@article{alemi_deep_2016,
	title = {Deep variational information bottleneck},
	journal = {arXiv preprint arXiv:1612.00410},
	author = {Alemi, Alexander A and Fischer, Ian and Dillon, Joshua V and Murphy, Kevin},
	year = {2016}
}

@book{bengio_learning_1990,
	title = {Learning a synaptic learning rule},
	publisher = {Université de Montréal, Département d'informatique et de recherche …},
	author = {Bengio, Yoshua and Bengio, Samy and Cloutier, Jocelyn},
	year = {1990}
}

@article{finn_online_2019,
	title = {Online meta-learning},
	journal = {arXiv preprint arXiv:1902.08438},
	author = {Finn, Chelsea and Rajeswaran, Aravind and Kakade, Sham and Levine, Sergey},
	year = {2019}
}

@inproceedings{osband_more_2013,
	title = {({More}) efficient reinforcement learning via posterior sampling},
	booktitle = {Advances in {Neural} {Information} {Processing} {Systems}},
	author = {Osband, Ian and Russo, Daniel and Van Roy, Benjamin},
	year = {2013},
	pages = {3003--3011}
}

@article{lillicrap_continuous_2015,
	title = {Continuous control with deep reinforcement learning},
	journal = {arXiv preprint arXiv:1509.02971},
	author = {Lillicrap, Timothy P and Hunt, Jonathan J and Pritzel, Alexander and Heess, Nicolas and Erez, Tom and Tassa, Yuval and Silver, David and Wierstra, Daan},
	year = {2015}
}

@inproceedings{mnih_asynchronous_2016,
	title = {Asynchronous methods for deep reinforcement learning},
	booktitle = {International conference on machine learning},
	author = {Mnih, Volodymyr and Badia, Adria Puigdomenech and Mirza, Mehdi and Graves, Alex and Lillicrap, Timothy and Harley, Tim and Silver, David and Kavukcuoglu, Koray},
	year = {2016},
	pages = {1928--1937}
}

@inproceedings{haarnoja_reinforcement_2017,
	title = {Reinforcement learning with deep energy-based policies},
	booktitle = {Proceedings of the 34th {International} {Conference} on {Machine} {Learning}-{Volume} 70},
	publisher = {JMLR. org},
	author = {Haarnoja, Tuomas and Tang, Haoran and Abbeel, Pieter and Levine, Sergey},
	year = {2017},
	pages = {1352--1361}
}

@inproceedings{rajeswaran_meta-learning_2019,
	title = {Meta-learning with implicit gradients},
	booktitle = {Advances in {Neural} {Information} {Processing} {Systems}},
	author = {Rajeswaran, Aravind and Finn, Chelsea and Kakade, Sham M and Levine, Sergey},
	year = {2019},
	pages = {113--124}
}

@article{nichol_reptile:_2018,
	title = {Reptile: a scalable metalearning algorithm},
	volume = {2},
	journal = {arXiv preprint arXiv:1803.02999},
	author = {Nichol, Alex and Schulman, John},
	year = {2018}
}

@book{wang_learning_2017,
	title = {Learning to reinforcement learn. {ArXiv} 1611.05763},
	author = {Wang, JX and Kurth-Nelson, Z and Tirumala, D and Soyer, H and Leibo, JZ and Munos, R and Blundell, C and Kumaran, D and Botivnick, M},
	year = {2017}
}

@book{sutton_reinforcement_2018,
	title = {Reinforcement learning: {An} introduction},
	publisher = {MIT press},
	author = {Sutton, Richard S and Barto, Andrew G},
	year = {2018}
}

@article{vinyals_grandmaster_2019,
	title = {Grandmaster level in {StarCraft} {II} using multi-agent reinforcement learning},
	journal = {Nature},
	author = {Vinyals, Oriol and Babuschkin, Igor and Czarnecki, Wojciech M and Mathieu, Michaël and Dudzik, Andrew and Chung, Junyoung and Choi, David H and Powell, Richard and Ewalds, Timo and Georgiev, Petko and {others}},
	year = {2019},
	pages = {1--5}
}

@article{mnih_playing_2013,
	title = {Playing atari with deep reinforcement learning},
	journal = {arXiv preprint arXiv:1312.5602},
	author = {Mnih, Volodymyr and Kavukcuoglu, Koray and Silver, David and Graves, Alex and Antonoglou, Ioannis and Wierstra, Daan and Riedmiller, Martin},
	year = {2013}
}
